 @article{Bakai,
 title={A revision of the evaluation concept for the comparison of dose distributions},
 volume={48},
 DOI={10.1088/0031-9155/48/21/006},
 number={21},
 journal={Physics in Medicine and Biology},
 author={Bakai, Annemarie and Alber, Markus and Nüsslin, Fridtjof},
 year={2003},
 pages={3543–3553}}

 @article{Cheng,
 title={Systematic verification of a three-dimensional electron beam dose calculation algorithm},
 volume={23},
 DOI={10.1118/1.597714},
 number={5},
 journal={Medical Physics},
 author={Cheng, Abel and Harms, William B. and Gerber, Russell L. and Wong, John W. and Purdy, James A.},
 year={1996},
 pages={685–693}}

 @article{Chen,
 title={Efficient gamma index calculation using fast euclidean distance transform},
 volume={54},
 DOI={10.1088/0031-9155/54/7/012},
 number={7},
 journal={Physics in Medicine and Biology},
 author={Chen, Mingli and Lu, Weiguo and Chen, Quan and Ruchala, Kenneth and Olivera, Gustavo},
 year={2009},
 pages={2037–2047}}

 @article{Depuydt,
 title={A quantitative evaluation of IMRT dose distributions: Refinement and clinical assessment of the Gamma Evaluation},
 volume={62},
 DOI={10.1016/s0167-8140(01)00497-2},
 number={3},
 journal={Radiotherapy and Oncology},
 author={Depuydt, Tom and Van Esch, Ann and Huyskens, Dominique Pierre},
 year={2002},
 pages={309–319}}

 @article{Gardner,
 title={Modern radiation therapy planning and delivery},
 volume={33},
 DOI={10.1016/j.hoc.2019.08.005},
 number={6},
 journal={Hematology/Oncology Clinics of North America},
 author={Gardner, Stephen J. and Kim, Joshua and Chetty, Indrin J.},
 year={2019},
 pages={947–962}}

 @article{Georgescu,
 title={GPU acceleration for FEM-based structural analysis},
 volume={20},
 DOI={10.1007/s11831-013-9082-8},
 number={2},
 journal={Archives of Computational Methods in Engineering},
 author={Georgescu, Serban and Chow, Peter and Okuda, Hiroshi},
 year={2013},
 pages={111–121}}

 @article{Jiang,
 title={On dose distribution comparison},
 volume={51},
 DOI={10.1088/0031-9155/51/4/001},
 number={4},
 journal={Physics in Medicine and Biology},
 author={Jiang, Steve B and Sharp, Greg C and Neicu, Toni and Berbeco, Ross I and Flampouri, Stella and Bortfeld, Thomas},
 year={2006},
 pages={759–776}}

 @article{Ju,
 title={Geometric interpretation of the $\gamma$ dose distribution comparison technique: Interpolation-free calculation},
 volume={35},
 DOI={10.1118/1.2836952},
 number={3},
 journal={Medical Physics},
 author={Ju, Tao and Simpson, Tim and Deasy, Joseph O. and Low, Daniel A.},
 year={2008},
 pages={879–887}}

 @article{Lam,
 title={Numba},
 DOI={10.1145/2833157.2833162},
 journal={Proceedings of the Second Workshop on the LLVM Compiler Infrastructure in HPC LLVM 15},
 author={Lam, Siu Kwan and Pitrou, Antoine and Seibert, Stanley},
 year={2015}}

 @article{Low,
 title={A technique for the quantitative evaluation of dose distributions},
 volume={25},
 DOI={10.1118/1.598248},
 number={5},
 journal={Medical Physics},
 author={Low, Daniel A. and Harms, William B. and Mutic, Sasa and Purdy, James A.},
 year={1998},
 pages={656–661}}

 @article{Ma,
 title={GPU accelerated chemical similarity calculation for compound library comparison},
 volume={51},
 DOI={10.1021/ci1004948},
 number={7},
 journal={Journal of Chemical Information and Modeling},
 author={Ma, Chao and Wang, Lirong and Xie, Xiang-Qun},
 year={2011},
 pages={1521–1527}}

 @article{Michalakes,
 title={GPU acceleration of numerical weather prediction},
 DOI={10.1109/ipdps.2008.4536351},
 journal={2008 IEEE International Symposium on Parallel and Distributed Processing},
 author={Michalakes, John and Vachharajani, Manish},
 year={2008}}

 @article{Spezi,
 title={Gamma histograms for Radiotherapy Plan Evaluation},
 volume={79},
 DOI={10.1016/j.radonc.2006.03.020},
 number={2},
 journal={Radiotherapy and Oncology},
 author={Spezi, Emiliano and Lewis, D. Geraint},
 year={2006},
 pages={224–230}}

 @article{Stock,
 title={Interpretation and evaluation of the $\gamma$ index and the $\gamma$ index angle for the verification of Imrt Hybrid Plans},
 volume={50},
 DOI={10.1088/0031-9155/50/3/001},
 number={3},
 journal={Physics in Medicine and Biology},
 author={Stock, Markus and Kroupa, Bernhard and Georg, Dietmar},
 year={2005},
 pages={399–411}}

 @article{Gu,
 title={GPU-based Fast Gamma Index Calculation},
 volume={56},
 DOI={10.1088/0031-9155/56/5/014},
 number={5},
 journal={Physics in Medicine and Biology},
 author={Gu, Xuejun and Jia, Xun and Jiang, Steve B},
 year={2011},
 pages={1431–1441}}

 @article{Biggs,
 title={PyMedPhys: A community effort to develop an open, python based Standard Library for Medical Physics Applications},
 volume={7},
 DOI={10.21105/joss.04555},
 number={78},
 journal={Journal of Open Source Software},
 author={Biggs, Simon and Jennings, Matthew and Swerdloff, Stuart and Chlap, Phillip and Lane, Derek and Rembish, Jacob and McAloney, Jacob and King, Paul and Ayala, Rafael and Guan, Fada and et al.},
 year={2022},
 pages={4555}}

 @article{Stojadinovic,
 title={Breaking bad imrt qa practice},
 volume={16},
 DOI={10.1120/jacmp.v16i3.5242},
 number={3},
 journal={Journal of Applied Clinical Medical Physics},
 author={Stojadinovic, Strahinja and Ouyang, Luo and Gu, Xuejun and Pompoš, Arnold and Bao, Qinan and Solberg, Timothy D.},
 year={2015},
 pages={154–165}}

 @article{Wendling,
 title={A fast algorithm for Gamma Evaluation in 3D},
 volume={34},
 DOI={10.1118/1.2721657},
 number={5},
 journal={Medical Physics},
 author={Wendling, Markus and Zijp, Lambert J. and McDermott, Leah N. and Smit, Ewoud J. and Sonke, Jan-Jakob and Mijnheer, Ben J. and van Herk, Marcel},
 year={2007},
 pages={1647–1654}}

 @misc{NVidia,
 title={Nvidia GeForce 10 series graphics cards},
 url={https://www.nvidia.com/en-us/geforce/10-series/},
 journal={NVIDIA}, author={“@NVIDIAGeForce”}}

 @misc{CDC,
 title={An update on cancer deaths in the United States},
 url={https://www.cdc.gov/cancer/dcpc/research/update-on-cancer-deaths/index.htm},
 journal={Centers for Disease Control and Prevention},
 publisher={Centers for Disease Control and Prevention},
 year={2022}}

 @misc{Christopherpoole,
 title={Christopherpoole/Pygamma: Python function for comparing two radiotherapy dose distributions using gamma evaluation},
 url={https://github.com/christopherpoole/pygamma},
 journal={GitHub},
 author={Christopherpoole}}

 @misc{Matlab,
 title={GPU acceleration},
 url={https://www.mathworks.com/help/wavelet/gpu-acceleration.html},
 journal={GPU Acceleration MATLAB Simulink}}

 @misc{intel,
 title={What is a GPU? graphics processing units defined},
 url={https://www.intel.com/content/www/us/en/products/docs/processors/what-is-a-gpu.html},
 journal={Intel},
 author={intel}}

 @misc{SBU,
 title={Radiation therapy process},
 url={https://cancer.stonybrookmedicine.edu/RadiationTherapyProcess},
 journal={Stony Brook Cancer Center}}
